
@article{dittmarslice,
	title={Slice Sampling},
	author={Dittmar, Denny}
}